% Encoding: UTF-8

@Misc{Locker2013,
  author       = {Melissa Locker},
  title        = {CONCIERTOS MASIVOS = DINERO SEGURO},
  howpublished = {\url{https://expansion.mx/negocios/2013/07/04/festivales-de-musica-son-negocio}},
  month        = {Julio},
  year         = {2013},
  timestamp    = {2018-03-05},
  url          = {https://expansion.mx/negocios/2013/07/04/festivales-de-musica-son-negocio},
}

@Misc{diarioOficial2010,
  title        = {Ley Federal de Protección de Datos Personales en Posesión de los Particulares},
  howpublished = {D. Of. la Fed.},
  year         = {2010},
}

@Misc{bancomer2016,
  title = {Qué es una API y qué puede hacer por mi negocio},
  month = {Junio},
  year  = {2016},
}

@Comment{jabref-meta: databaseType:bibtex;}
